@misc{wiki,
title="P versus NP",
author="Wikipedia(multiple)",
note="\url{https://simple.wikipedia.org/wiki/P_versus_NP}"
}
@misc{polynomial,
title="Polynomial Time",
author="David Terr",
note="\url{http://mathworld.wolfram.com/PolynomialTime.html}"
}
@misc{ResearchPaperCook,
title="The Complexity of Theorem-Proving Procedures ",
author="Stephen A. Cook",
note="\url{https://theory.stanford.edu/~trevisan/cs172-07/cook.pdf}"
}
@misc{ResearchPaperFortnow,
title="The Status of the P versus NP Problem ",
author="Lance Fortnow",
note="\url{http://people.cs.uchicago.edu/~fortnow/papers/pnp-cacm.pdf}"
}
@misc{ImportanceOfPVsNP,
title="The Importance of the P versus NP Question",
author="STEPHEN COOK",
note="\url{http://citeseerx.ist.psu.edu/viewdoc/download?doi=10.1.1.515.2584&rep=rep1&type=pdf}"}
@misc{HistoryOfPVsNP,
title="The History and Status of the P versus NP Question",
author="Michael Sisper",
note="\url{https://www.win.tue.nl/~gwoegi/P-versus-NP/sipser.pdf}"}
